<collection xmlns="http://www.loc.gov/MARC21/slim">
<record>
  <leader>01263nam0a22002651i 450 </leader>
  <controlfield tag="001">IT\ICCU\CNCE\058708</controlfield>
  <controlfield tag="005">20160216000000.0</controlfield>
  <datafield tag="012" ind1=" " ind2=" ">
    <subfield code="a">O)li sino e.lo LaMa (3) 1597 (R)</subfield>
    <subfield code="2">fei</subfield>
  </datafield>
  <datafield tag="100" ind1=" " ind2=" ">
    <subfield code="a">20040626d1597        0itac0103    ba</subfield>
  </datafield>
  <datafield tag="101" ind1=" " ind2=" ">
    <subfield code="a">ITA</subfield>
  </datafield>
  <datafield tag="102" ind1=" " ind2=" ">
    <subfield code="a">IT</subfield>
  </datafield>
  <datafield tag="200" ind1="1" ind2=" ">
    <subfield code="a">Tropotipo cio ̈ ̉dire norma de&apos; costumi. Dialogo tra un filosofo morale, et tre suoi discepoli. Fatto in versi sdruccioli sciolti et dato in luce ad instanza di Calimero Cigola</subfield>
  </datafield>
  <datafield tag="210" ind1=" " ind2=" ">
    <subfield code="a">Nell&apos;Aquila</subfield>
    <subfield code="c">appresso Lepido Facij</subfield>
    <subfield code="d">1597</subfield>
  </datafield>
  <datafield tag="215" ind1=" " ind2=" ">
    <subfield code="a">72 p.</subfield>
    <subfield code="d">8ʻ</subfield>
  </datafield>
  <datafield tag="620" ind1=" " ind2=" ">
    <subfield code="a">IT</subfield>
    <subfield code="d">L&apos;Aquila</subfield>
  </datafield>
  <datafield tag="700" ind1=" " ind2="1">
    <subfield code="a">Cella,</subfield>
    <subfield code="b">Antonio</subfield>
    <subfield code="3">IT\ICCU\CNCA\002899</subfield>
  </datafield>
  <datafield tag="702" ind1=" " ind2="1">
    <subfield code="a">Cigola,</subfield>
    <subfield code="b">Calimerio</subfield>
    <subfield code="3">IT\ICCU\CNCA\016312</subfield>
  </datafield>
  <datafield tag="712" ind1="0" ind2="0">
    <subfield code="a">Faci, Lepido</subfield>
    <subfield code="3">IT\ICCU\CNCT\000100</subfield>
    <subfield code="4">650</subfield>
  </datafield>
  <datafield tag="791" ind1="0" ind2="0">
    <subfield code="a">Facius, Lepido</subfield>
    <subfield code="3">IT\ICCU\CNCT\005095</subfield>
    <subfield code="z">Faci, Lepido</subfield>
  </datafield>
  <datafield tag="791" ind1="0" ind2="0">
    <subfield code="a">Facio, Lepido</subfield>
    <subfield code="3">IT\ICCU\CNCT\005096</subfield>
    <subfield code="z">Faci, Lepido</subfield>
  </datafield>
  <datafield tag="801" ind1=" " ind2="3">
    <subfield code="a">IT</subfield>
    <subfield code="b">ICCU</subfield>
    <subfield code="c">20201115</subfield>
  </datafield>
  <datafield tag="899" ind1=" " ind2=" ">
    <subfield code="a">Biblioteca nazionale Sagarriga Visconti-Volpi. Bari</subfield>
    <subfield code="1">BA0018</subfield>
    <subfield code="2">BA1 BA</subfield>
  </datafield>
  <datafield tag="899" ind1=" " ind2=" ">
    <subfield code="a">Biblioteca civica Berio. Genova</subfield>
    <subfield code="1">GE0036</subfield>
    <subfield code="2">SGE BE</subfield>
  </datafield>
  <datafield tag="911" ind1=" " ind2=" ">
    <subfield code="a">Sul front.</subfield>
    <subfield code="9">IT\ICCU\CNCM\001674</subfield>
  </datafield>
  <datafield tag="921" ind1=" " ind2=" ">
    <subfield code="a">IT\ICCU\CNCM\001674</subfield>
    <subfield code="b">Aquila ad ali spiegate coronata in cornice formata da ramo di alloro e ramo di olivo. In cornice figurata</subfield>
    <subfield code="e">Undique decora</subfield>
    <subfield code="c">U533</subfield>
    <subfield code="f">AQUILA</subfield>
    <subfield code="f">ALLORO</subfield>
    <subfield code="f">OLIVO</subfield>
    <subfield code="g">1594-1597</subfield>
  </datafield>
</record>
</collection>
